@article{fine1982measles,
  title={{Measles in England and Walesâ€”I: an analysis of factors underlying seasonal patterns}},
  author={Fine, Paul EM and Clarkson, Jacqueline A},
  journal={International journal of epidemiology},
  volume={11},
  number={1},
  pages={5--14},
  year={1982},
  publisher={Oxford University Press}
}

@article{schenzle1984age,
  title={An age-structured model of pre-and post-vaccination measles transmission},
  author={Schenzle, Dieter},
  journal={Mathematical Medicine and Biology: A Journal of the IMA},
  volume={1},
  number={2},
  pages={169--191},
  year={1984},
  publisher={Oxford University Press}
}

@article{xia2004measles,
  title={Measles metapopulation dynamics: a gravity model for epidemiological coupling and dynamics},
  author={Xia, Yingcun and Bj{\o}rnstad, Ottar N and Grenfell, Bryan T},
  journal={The American Naturalist},
  volume={164},
  number={2},
  pages={267--281},
  year={2004},
  publisher={The University of Chicago Press}
}

@article{cauchemez2008likelihood,
  title={Likelihood-based estimation of continuous-time epidemic models from time-series data: application to measles transmission in {London}},
  author={Cauchemez, Simon and Ferguson, Neil M},
  journal={Journal of the Royal Society Interface},
  volume={5},
  number={25},
  pages={885--897},
  year={2008},
  publisher={The Royal Society London}
}

@article{he2009plug,
  title={Plug-and-play inference for disease dynamics: measles in large and small populations as a case study},
  author={He, Daihai and Ionides, Edward L and King, Aaron A},
  journal={Journal of the Royal Society Interface},
  volume={7},
  number={43},
  pages={271--283},
  year={2009},
  publisher={The Royal Society}
}


